@inbook{
	oreilly,
	author="Martin Kleppmann",
	title="Designing Data-Intensive Applications: The Big Ideas Behind Reliable, Scalable, and Maintainable Systems",
	publisher="O’Reilly Media, Inc.",
	chapter=1,
	pages="14--15",
	language="english",
	year=2017
}

@misc{rest-api,
	title="Automated Example Oriented REST API ",
	howpublished="Режим доступа: \url{https://ase.cpsc.ucalgary.ca/wp-content/uploads/2018/05/Automated-Example-Oriented-REST-API.pdf}",
	note="Дата обращения: 01.10.2021"
}

@misc{iso-db,
	title="ISO/IEC TR 10032:2003 Information technology — Reference Model of Data Management",
	howpublished="Режим доступа: \url{https://www.iso.org/standard/38607.html}",
	note="Дата обращения: 01.10.2021"
}

@inbook{
	dbinfo,
	author="Дейт К. Дж",
	title="Введение в системы баз данных",
	publisher="<<Вильямс>>",
	language="russian",
	year=2006
}

@misc{postgres,
	title="PostgreSQL: The World's Most Advanced Open Source Relational Database",
	howpublished="Режим доступа: \url{https://www.postgresql.org/}",
	note="Дата обращения: 01.10.2021"
}

@misc{oracle,
	title="Oracle Database",
	howpublished="Режим доступа: \url{https://www.oracle.com/database/}",
	note="Дата обращения: 01.10.2021"
}

@misc{mssql,
	title="MS SQL Server 2019",
	howpublished="Режим доступа: \url{https://www.microsoft.com/en-us/sql-server/sql-server-2019}",
	note="Дата обращения: 01.10.2021"
}

@misc{indexes,
	title="PostgreSQL Indexes",
	howpublished="Режим доступа: \url{https://www.postgresql.org/docs/13/indexes.html}",
	note="Дата обращения: 01.10.2021"
}

@misc{redis,
	title="Redis Documentation",
	howpublished="Режим доступа: \url{https://redis.io/documentation}",
	note="Дата обращения: 01.10.2021"
}

@misc{leveldb,
	title="LevelDB Documentation",
	howpublished="Режим доступа: \url{https://github.com/google/leveldb/blob/master/doc/index.md}",
	note="Дата обращения: 01.10.2021"
}

@misc{lru,
	title="An Evaluation of Buffer Management Strategies for Relational Database Systems ",
	howpublished="Режим доступа: \url{http://www.vldb.org/conf/1985/P127.PDF}",
	note="Дата обращения: 01.10.2021"
}


@misc{2q,
	title="2Q: A Low Overhead High Performance Buffer Management Replacement Algorithm",
	howpublished="Режим доступа: \url{http://www.vldb.org/conf/1994/P439.PDF}",
	note="Дата обращения: 01.10.2021"
}


@misc{replication,
	title="IMPLEMENTING A MASTER/SLAVE ARCHITECTURE FOR A DATA SYNCHRONIZATION SERVICE",
	howpublished="Режим доступа: \url{https://www.theseus.fi/bitstream/handle/10024/143791/Nikolay_Baychenko.pdf}",
	note="Дата обращения: 01.10.2021"
}


@misc{sharding,
	title="Sharding by Hash Partitioning. A database scalability pattern to achieve evenly sharded database clusters",
	howpublished="Режим доступа: \url{https://www.researchgate.net/publication/276075813_Sharding_by_Hash_Partitioning_-_A_Database_Scalability_Pattern_to_Achieve_Evenly_Sharded_Database_Clusters}",
	note="Дата обращения: 01.10.2021"
}


@misc{chen,
	title="The Entity-Relationship Model--Toward a Unified View of Data",
	howpublished="Режим доступа: \url{https://dspace.mit.edu/bitstream/handle/1721.1/47432/entityrelationshx00chen.pdf}",
	note="Дата обращения: 01.10.2021"
}

@misc{lxc,
	title="LXC - Documentation",
	howpublished="Режим доступа: \url{https://linuxcontainers.org/lxc/documentation/}",
	note="Дата обращения: 01.10.2021"
}

@misc{ubuntu,
	title="OS Ubuntu",
	howpublished="Режим доступа: \url{https://ubuntu.com/}",
	note="Дата обращения: 01.10.2021"
}

@misc{sha256,
	title="Verification of a Cryptographic Primitive: SHA-256",
	howpublished="Режим доступа: \url{https://www.cs.princeton.edu/~appel/papers/verif-sha.pdf}",
	note="Дата обращения: 01.10.2021"
}


@misc{python,
	title="Python 3 language official page",
	howpublished="Режим доступа: \url{https://www.python.org/}",
	note="Дата обращения: 01.10.2021"
}


@misc{vscode,
	title="Редактор кода VS Code",
	howpublished="Режим доступа: \url{https://code.visualstudio.com/}",
	note="Дата обращения: 01.10.2021"
}


@misc{flask,
	title="Flask's documentation",
	howpublished="Режим доступа: \url{https://flask.palletsprojects.com/en/2.0.x/}",
	note="Дата обращения: 01.10.2021"
}

@misc{locust,
	title="Locust - A modern load testing framework",
	howpublished="Режим доступа: \url{https://locust.io/}",
	note="Дата обращения: 01.10.2021"
}



